%% This BibTeX bibliography file was created using BibDesk.
%% http://bibdesk.sourceforge.net/

%% Created for dronel at 2016-07-06 16:24:56 +0200 

%% Saved with string encoding Unicode (UTF-8) 
%%%%%%%%%%%%%%%%%%%%%%%%%%%%%%%%%%%%%%%%%%%%%%%%%%%%%%
%%%%%%%%%%%%%%%%%%%%%     BOOKS     %%%%%%%%%%%%%%%%%%%%%%%%%%
%%%%%%%%%%%%%%%%%%%%%%%%%%%%%%%%%%%%%%%%%%%%%%%%%%%%%%


@book{ducard2009fault,
  title={Fault-tolerant flight control and guidance systems: Practical methods for small unmanned aerial vehicles},
  author={Ducard, Guillaume JJ},
  year={2009},
  publisher={Springer Science \& Business Media}
}

%fault tolerance for uav
@book{angelov2012sense,
  title={Sense and avoid in UAS: research and applications},
  author={Angelov, Plamen},
  year={2012},
  publisher={John Wiley \& Sons}
}

@book{wie2008space,
  title={Space vehicle dynamics and control},
  author={Wie, Bong},
  year={2008},
  publisher={American Institute of Aeronautics and Astronautics}
}

@incollection{caragea2008visual,
  title={Visual methods for examining SVM classifiers},
  author={Caragea, Doina and Cook, Dianne and Wickham, Hadley and Honavar, Vasant},
  booktitle={Visual Data Mining},
  pages={136--153},
  year={2008},
  publisher={Springer}
}

@book{cook2007interactive,
  title={Interactive and dynamic graphics for data analysis: with R and GGobi},
  author={Cook, Dianne and Swayne, Deborah F},
  year={2007},
  publisher={Springer Science \& Business Media}
}

%%%%%%%%%%%%%%%%%%%%%%%%%%%%%%%%%%%%%%%%%%%%%%%%%%%%%%
%%%%%%%%%%%%%%%%%%%     PUBLICATIONS     %%%%%%%%%%%%%%%%%%%%%%%%
%%%%%%%%%%%%%%%%%%%%%%%%%%%%%%%%%%%%%%%%%%%%%%%%%%%%%%

%NASA UTM 
@inproceedings{kopardekarunmanned,
   title={Unmanned Aircraft System Traffic Management (UTM) Concept of Operations},
   author={Kopardekar, Parimal and Rios, Joseph and Prevot, Thomas and Johnson, Marcus and Jung, Jaewoo and III, John E Robinson},
  booktitle={16th AIAA Aviation Technology, Integration, and Operations Conference},  
  year={2016},
 organization={AIAA Aviation}
}

%DASC elgiz
@inproceedings{baskaya2016flexible,
  title={Flexible Open Architecture for UASs Integration into the Airspace: Paparazzi Autopilot System},
  author={Baskaya, Elgiz and Manfredi, Guido and Bronz, Murat and Delahaye, Daniel},
  booktitle={IEEE/AIAA 35th Digital Avionics Systems Conference (DASC)},  
  year={2016},
 organization={IEEE}
}
%what is fault tolerant control
@inproceedings{blanke2000fault,
  title={What is fault-tolerant control},
  author={Blanke, Mogens and Frei, Christian W and Kraus, Franta and Patton, Ron J and Staroswiecki, Marcel},
  booktitle={Preprints of 4th IFAC Symposium on Fault Detection Supervision ans Safety for Technical Processes, SAFEPROCESS},
  pages={40--51},
  year={2000}
}

@article{goupil2015overview,
  title={An overview of the FP7 RECONFIGURE project: industrial, scientific and technological objectives},
  author={Goupil, Philippe and Boada-Bauxell, Josep and Marcos, Andres and Rosa, Paulo and Kerr, Murray and Dalbies, Laurent},
  journal={IFAC-PapersOnLine},
  volume={48},
  number={21},
  pages={976--981},
  year={2015},
  publisher={Elsevier}
}

%bibliographicalReviewReconfigurableFTCS
@article{zhang2008bibliographical,
  title={Bibliographical review on reconfigurable fault-tolerant control systems},
  author={Zhang, Youmin and Jiang, Jin},
  journal={Annual reviews in control},
  volume={32},
  number={2},
  pages={229--252},
  year={2008},
  publisher={Elsevier}
}

%IFACsafeProcessTerminology
@article{isermann1997trends,
  title={Trends in the application of model-based fault detection and diagnosis of technical processes},
  author={Isermann, Rolf and Ball{\'e}, Peter},
  journal={Control engineering practice},
  volume={5},
  number={5},
  pages={709--719},
  year={1997},
  publisher={Elsevier}
}

@article{hajiyev2005sensor,
  title={Sensor and control surface/actuator failure detection and isolation applied to F-16 flight dynamic},
  author={Hajiyev, Chingiz and Caliskan, Fikret},
  journal={Aircraft Engineering and aerospace technology},
  volume={77},
  number={2},
  pages={152--160},
  year={2005},
  publisher={Emerald Group Publishing Limited}
}

@article{melody2001h,
  title={{$H_{\infty}$} parameter identification for inflight detection of aircraft icing: The time-varying case},
  author={Melody, James W and Hillbrand, Thomas and Ba{\c{s}}ar, Tamer and Perkins, William R},
  journal={Control Engineering Practice},
  volume={9},
  number={12},
  pages={1327--1335},
  year={2001},
  publisher={Elsevier}
}

@article{yoon2011experimental,
  title={Experimental evaluation of fault diagnosis in a skew-configured UAV sensor system},
  author={Yoon, Seungho and Kim, Seungkeun and Bae, Jonghee and Kim, Youdan and Kim, Eungtai},
  journal={Control Engineering Practice},
  volume={19},
  number={2},
  pages={158--173},
  year={2011},
  publisher={Elsevier}
}

@article{chow1984analytical,
  title={Analytical redundancy and the design of robust failure detection systems},
  author={Chow, E and Willsky, A},
  journal={IEEE Transactions on Automatic control},
  volume={29},
  number={7},
  pages={603--614},
  year={1984},
  publisher={IEEE}
}

@article{rotstein2006fault,
  title={Fault-detection design for uninhabited aerial vehicles},
  author={Rotstein, Hector and Ingvalson, Ryan and Keviczky, Tamas and Balas, Gary J},
  journal={Journal of guidance, control, and dynamics},
  volume={29},
  number={5},
  pages={1051--1060},
  year={2006}
}

@inproceedings{sharma2007fault,
  title={Fault detection in nonlinear systems with unknown inputs using sliding mode observer},
  author={Sharma, R and Aldeen, M},
  booktitle={2007 American Control Conference},
  pages={432--437},
  year={2007},
  organization={IEEE}
}

@article{dataCentricDiagOffline,
	Author = {John Stutz},
	Date-Added = {2016-07-06 11:46:29 +0000},
	Date-Modified = {2016-07-06 12:21:48 +0000},
	Journal = {IEEE Transactions on Systems, Man and Cybernetics},
	Title = {On Data-centric Diagnosis of Aircraft Systems},
	Year = {2010}
}

@article{gui2002fault,
  title={Fault Diagnosis Technologies Based on Artificial Intelligence for Complex Process},
  author={Gui, Wei-hua and Liu, Xiao-ying},
  journal={Basic Automation},
  volume={4},
  pages={000},
  year={2002}
}

@inproceedings{li2016data,
  title={A data driven fault detection and isolation scheme for UAV flight control system},
  author={Li, Minghu and Li, Gang and Zhong, Maiying},
  booktitle={Control Conference (CCC), 2016 35th Chinese},
  pages={6778--6783},
  year={2016},
  organization={TCCT}
}

%combined - data driven and model based
@article{freeman2013model,
  title={Model-based and data-driven fault detection performance for a small UAV},
  author={Freeman, Paul and Pandita, Rohit and Srivastava, Nisheeth and Balas, Gary J},
  journal={IEEE/ASME Transactions on mechatronics},
  volume={18},
  number={4},
  pages={1300--1309},
  year={2013},
  publisher={IEEE}
}

% to be used
@article{gao2015survey,
  title={A Survey of fault diagnosis and fault-tolerant techniques Part II: Fault diagnosis with knowledge-based and hybrid/active approaches},
  author={Gao, Zhiwei and Cecati, Carlo and Ding, Steven X},
  journal={IEEE Transactions on Industrial Electronics},
  volume={62},
  number={6},
  pages={3768--3774},
  year={2015},
  publisher={IEEE}
}

% Analysis of diagnosis methods
@article{alcala2011analysis,
  title={Analysis and generalization of fault diagnosis methods for process monitoring},
  author={Alcala, Carlos F and Qin, S Joe},
  journal={Journal of Process Control},
  volume={21},
  number={3},
  pages={322--330},
  year={2011},
  publisher={Elsevier}
}

@article{yin2012comparison,
  title={A comparison study of basic data-driven fault diagnosis and process monitoring methods on the benchmark Tennessee Eastman process},
  author={Yin, Shen and Ding, Steven X and Haghani, Adel and Hao, Haiyang and Zhang, Ping},
  journal={Journal of Process Control},
  volume={22},
  number={9},
  pages={1567--1581},
  year={2012},
  publisher={Elsevier}
}

@article{pandita2013closed,
  title={Closed-loop performance metrics for fault detection and isolation filter and controller interaction},
  author={Pandita, Rohit and Bokor, J{\'o}zsef and Balas, Gary},
  journal={International Journal of Robust and Nonlinear Control},
  volume={23},
  number={4},
  pages={419--438},
  year={2013},
  publisher={Wiley Online Library}
}

@article{erzberger_4D_2002,
  title={Concept for next generation air traffic control system.},
  author={Erzberger, Heinz and Paielli, Russel A},
  journal={Air Traffic Control Quarterly},
  volume={10},
  number={4},
  pages={355--378},
  year={2002}
}

@inproceedings{thomas_4D_2015,
  title={Options for insertion of RPAS into the Air Traffic System},
  author={Thomas, Eric and Bleeker, Okko},
  booktitle={Digital Avionics Systems Conference (DASC), 2015 IEEE/AIAA 34th},
  pages={5B4--1},
  year={2015},
  organization={IEEE}
}

@inproceedings{foina_air_parcelle_2015,
  title={An Unmanned Aerial Traffic Management solution for cities using an air parcel model},
  author={Foina, Aislan Gomide and Krainer, Clemens and Sengupta, Raja},
  booktitle={Unmanned Aircraft Systems (ICUAS), 2015 International Conference on},
  pages={1295--1300},
  year={2015},
  organization={IEEE}
}

@inproceedings{wargo_complex_2015,
  title={New entrants (RPA/space vehicles) operational impacts upon NAS ATM and ATC},
  author={Wargo, Chris A and Hunter, George and Leiden, Kenneth and Glaneuski, Jason and Van Acker, Brandon and Hatton, Kevin},
  booktitle={Digital Avionics Systems Conference (DASC), 2015 IEEE/AIAA 34th},
  pages={5B2--1},
  year={2015},
  organization={IEEE}
}

@article{stuelpnagel1964parametrization,
  title={On the parametrization of the three-dimensional rotation group},
  author={Stuelpnagel, John},
  journal={SIAM review},
  volume={6},
  number={4},
  pages={422--430},
  year={1964},
  publisher={SIAM}
}

@article{bak1999spacecraft,
  title={Spacecraft Attitude Determination},
  author={Bak, Thomas},
  year={1999},
  publisher={Aalborg Universitetsforlag}
}

@inproceedings{bronz2016aerodynamic,
  title={Aerodynamic Characterization of an Off-the-Shelf Aircraft via Flight Test and Numerical Simulation},
  author={Bronz, Murat and Hattenberger, Gautier},
  booktitle={AIAA Flight Testing Conference},
  pages={3979},
  year={2016}
}

@inproceedings{bronz2017flight,
  title={In-Flight Thrust Measurement using On-Board Force Sensor},
  author={Bronz, Murat and Garcia de Marina, Hector and Hattenberger, Gautier},
  booktitle={AIAA Atmospheric Flight Mechanics Conference},
  pages={0698},
  year={2017}
}

@article{asimov1985grand,
  title={The grand tour: a tool for viewing multidimensional data},
  author={Asimov, Daniel},
  journal={SIAM journal on scientific and statistical computing},
  volume={6},
  number={1},
  pages={128--143},
  year={1985},
  publisher={SIAM}
}

@article{cook1997manual,
  title={Manual controls for high-dimensional data projections},
  author={Cook, Dianne and Buja, Andreas},
  journal={Journal of computational and Graphical Statistics},
  volume={6},
  number={4},
  pages={464--480},
  year={1997},
  publisher={Taylor \& Francis}
}

@article{cook1995grand,
  title={Grand tour and projection pursuit},
  author={Cook, Dianne and Buja, Andreas and Cabrera, Javier and Hurley, Catherine},
  journal={Journal of Computational and Graphical Statistics},
  volume={4},
  number={3},
  pages={155--172},
  year={1995},
  publisher={Taylor \& Francis}
}


%%%%%%%%%%%%%%%%%%%%%%%%%%%%%%%%%%%%%%%%%%%%%%%%%%%%%%
%%%%%%%%%%%%%%%%%%%%%%     MISC     %%%%%%%%%%%%%%%%%%%%%%%%%%
%%%%%%%%%%%%%%%%%%%%%%%%%%%%%%%%%%%%%%%%%%%%%%%%%%%%%%

% FAA
@misc{FAA_UASintegration,
	title = {{FAA\textsc{\char13}s Approach to Unmanned Aircraft Systems (UAS) Concept Maturation, Validation \& Requirements Development}},
	author = {Magyarits, Sherri},
	year = {2015},
}

% EASA
@misc{A_NPA_EASA2015,
	title = {{Introduction of a regulatory framework for the operation of drones}},
	key = {EASA, Advance Notice of Proposed Amendment 2015-10},
	year = {2015},
}

% ICAO
 @manual{ICAO_Circular,
  title  = {Cir 328, Unmanned Aircraft Systems (UAS)},
  author = {International Civil Aviation Organization (ICAO)},
  url    = {https://www.icao.int/Meetings/UAS/Documents/Circular%20328_en.pdf},
  year   = {2011 (accessed August 29, 2018)}
 }

@misc{UnmannedSystemsRoadmapDoD,
	title = {{Unmanned Systems Roadmap 2005 - 2030}},
	key = {Report of the Office of the Secretary of Defense, DoD},
	year = {2005},
}

@misc{ADDSAFE,
	key = {ADDSAFE},
	title = {{ADDSAFE FP7 Project}},
	Howpublished = {\url{http://addsafe.deimos-space.com/}},
	year = {Accessed: 2016-07-09}
}

@misc{UAVreliabilityStudy,
	key = {Report of the Office of the Secretary of Defense, DoD},
	Title = {{Unmanned Aerial Vehicle Reliability Study}},
	Year = {2003},
}

@misc{RECONFIGURE,
	key = {RECONFIGURE},
	title = {{RECONFIGURE FP7 Project}},
	howpublished = {\url{reconfigure.deimos-space.com/}},
	year = {Accessed: 2016-07-19}
}
	
@misc{droneDisasters,
	Title = {{12 drone disasters that show why the FAA hates drones}},
	key = {Drone disasters},
	Howpublished = {\url{http://www.techrepublic.com/article/12-drone-disasters-that-show-why-the-faa-hates-drones/}},
	Year = {March 20, 2015}}
}

@misc{hagenblad2004comparison,
  	title={A comparison of two methods for stochastic fault detection: the parity space approach and principal component analysis},
  	author={Hagenblad, Anna and Gustafsson, Fredrik and Klein, Inger},
  	year={2004},
  	publisher={Link{\"o}ping University Electronic Press}
}

% old name certificationOfFDD
@article{hu2015probabilistic,
  	title={A probabilistic method for certification of analytically redundant systems},
  	author={Hu, Bin and Seiler, Peter},
  	journal={International Journal of Applied Mathematics and Computer Science},
  	volume={25},
  	number={1},
  	pages={103--116},
  	year={2015}
}

@book{clearanceOptimBased,
	Booktitle = {Lecture Notes in Control and Information Sciences},
	Editor = {A. Varga and A. Hansson and G. Puyou},
	Publisher = {Springer-Verlag},
	Title = {Optimization Based Clearance of Flight Control Laws},
	Volume = 416,
	Year = 2011}
}

@book{faultDetectionTolerance,
	Author = {R Isermann},
	Publisher = {Springer},
	Title = {Fault-Diagnosis Systems},
	Year = 2006}
}

@book{robustMultivariableFlightControl,
	Author = {R J Adams and J M Buffington and A G Sparks and S S Banda},
	Publisher = {Springer-Verlag},
	Title = {Robust Multivariable Flight Control},
	Year = 1994}
}

@book{RobustFlightControl,
	Booktitle = {Lecture Notes in Control and Information Sciences},
	Editor = {Jean-Francois Magni and Samir Bennani and Jan Terlouw},
	Publisher = {Springer-Verlag},
	Title = {Robust Flight Control},
	Volume = 224,
	Year = 2009}
}

@misc{nobelPrize,
	Author = {The Nobel Foundation},
	Howpublished = {\url{http://www.nobelprize.org/nobel_prizes/physics/laureates/1970/}},
	Note = {[Online; accessed 2015]},
	Title = {{Nobel Prize}},
	Year = {1970}
}

@misc{Whomav,
	Author = {S. Roy},
	Note = {[issued on February 26, 2013]},
	Title = {Wingless Hovering of Micro Air Vehicle (WHOMAV). United States Patent No. 8, 382,029},
	Year = {2013}
}

@misc{droneImageProblem,
 	Author = {Ulrike Esther Franke},
 	Title = {Civilian Drones: Fixing an Image Problem?},
	Howpublished = {\url{http://isnblog.ethz.ch/security/civilian-drones-fixing-an-image-problem}},
	Year = 2015
}

@misc{europe_report_civilian_drone,
  	author        = "Probst, Laurent and Frideres, Laurent and Pedersen, Bertrand and Martinez-Diaz, Christian",
  	title         = "UAV systems for civilian applications",
  	Howpublished = {\url{http://ec.europa.eu/DocsRoom/documents/13430}},
  	year          = "2015"
}

@phdthesis{condomines2015developpement,
  title={D{\'e}veloppement d?un estimateur d?{\'e}tat non lin{\'e}aire embarqu{\'e} pour le pilotage-guidage robuste d?un micro-drone en milieu complexe},
  author={Condomines, Jean-Philippe},
  year={2015},
  school={INSTITUT SUPERIEUR DE L'AERONAUTIQUE ET DE L'ESPACE (ISAE)}
}

@article{platt1999probabilistic,
  title={Probabilistic outputs for support vector machines and comparisons to regularized likelihood methods},
  author={Platt, John and others},
  journal={Advances in large margin classifiers},
  volume={10},
  number={3},
  pages={61--74},
  year={1999},
  publisher={Cambridge, MA}
}


@article{platt1998sequential,
  title={Sequential minimal optimization: A fast algorithm for training support vector machines},
  author={Platt, John},
  year={1998}
}

@article{gunn1998support,
  title={Support vector machines for classification and regression},
  author={Gunn, Steve R and others},
  journal={ISIS technical report},
  volume={14},
  pages={85--86},
  year={1998}
}

@inproceedings{yin2014study,
  title={Study on support vector machine-based fault detection in tennessee eastman process},
  author={Yin, Shen and Gao, Xin and Karimi, Hamid Reza and Zhu, Xiangping},
  booktitle={Abstract and Applied Analysis},
  volume={2014},
  year={2014},
  organization={Hindawi Publishing Corporation}
}

@misc{andrewNg_MachLearning,
  	author        = "Ng, Andrew",
  	title         = "Machine Learning lectures",
  	Howpublished = {\url{https://www.coursera.org/learn/machine-learning}},
  	year          = "2017"
}

@book{wertz1978spacecraftAttitude,
	Author ={Wertz, James R.},
	Publisher = {Kluwer Academic Publishers},
	Title = {Spacecraft Attitude Determination and Control},
	Year = 1978}
}

@book{stevens2015aircraft,
  title={Aircraft control and simulation: dynamics, controls design, and autonomous systems},
  author={Stevens, Brian L and Lewis, Frank L and Johnson, Eric N},
  year={2015},
  publisher={John Wiley \& Sons}
}

@phdthesis{mockli2006guidance,
  title={Guidance and control for aerobatic maneuvers of an unmanned airplaine},
  author={M{\"o}ckli, Markus Reinhard},
  year={2006},
  school={ETH Zurich}
}

@article{undertaking2017u,
  title={U-Space Blueprint},
  author={Undertaking, SESAR Joint},
  journal={web page, June},
  volume={9},
  year={2017}
}

@misc{SORA,
	title = {{JARUS guidelines on Specific Operations Risk Assessment(SORA)}},
	key = {Joint Authorities for Rulemaking of Unmanned Systems},
	year = {2017},
}

@misc{EASAopinion2018,
	title = {{Introduction of a regulatory framework for the operation of unmanned aircraft systems in the `open' and `specific' categories}},
	key = {European Aviation Safety Agency},
	year = {2018},
}

@article{russell2000joint,
  title={Joint Safety Analysis Team-CAST Approved Final Report Loss of Control JSAT Results and Analysis},
  author={Russell, P and Pardee, J},
  journal={Commercial Aviation Safety Team, Washington, DC},
  year={2000}
}


@article{richards2016vehicle,
  title={Vehicle Upset Detection and Recovery for Onboard Guidance and Control},
  author={Richards, Nathan D and Gandhi, Neha and Bateman, Alec J and Klyde, David H and Lampton, Amanda K},
  journal={Journal of Guidance, Control, and Dynamics},
  volume={40},
  number={4},
  pages={920--933},
  year={2016},
  publisher={American Institute of Aeronautics and Astronautics}
}

@manual{easa:LOC,
  title  = {Loss of Control (LOC-I)},
  author = {European Aviation Safety Agency (EASA)},
  url    = {https://www.easa.europa.eu/easa-and-you/general-aviation/flying-safely/loss-of-control#group-easa-downloads},
  year   = {2018 (accessed August 20, 2018)}
 }
 
 @article{belcastro2017aircraft,
  title={Aircraft Loss of Control Problem Analysis and Research Toward a Holistic Solution},
  author={Belcastro, Christine M and Foster, John V and Shah, Gautam H and Gregory, Irene M and Cox, David E and Crider, Dennis A and Groff, Loren and Newman, Richard L and Klyde, David H},
  journal={Journal of Guidance, Control, and Dynamics},
  volume={40},
  number={4},
  pages={733--775},
  year={2017},
  publisher={American Institute of Aeronautics and Astronautics}
}


@inproceedings{lambregts2008airplane,
  title={Airplane upsets: Old problem, new issues},
  author={Lambregts, A and Nesemeier, Gregg and Newman, Richard and Wilborn, James},
  booktitle={AIAA Modeling and Simulation Technologies Conference and Exhibit},
  pages={6867},
  year={2008}
}

@manual{nasa:safe2ditch,
  title  = {Safe2DitchTechnology},
  author = {National Aeronautics and Space Administration (NASA)},
  url    = {https://technology.nasa.gov/patent/LAR-TOPS-243},
  year   = {2018 (accessed August 22, 2018)}
 }
 
 @manual{rigaDeclaration,
  title  = {Declaration of Ministers towards the EU Urban Agenda},
  author = {Informal Meeting of EU Ministers Responsible for Territorial Cohesion
and Urban Matters },
  url    = {https://ec.europa.eu/futurium/en/system/files/ged/riga-declaration.pdf},
  year   = {2015 (accessed August 29, 2018)}
 }
 
 @manual{basicRegulation,
  title  = {REGULATION (EC) No 216/2008 OF THE EUROPEAN PARLIAMENT AND OF THE COUNCIL},
  author = {European Parliament and Council},
  url    = {https://eur-lex.europa.eu/legal-content/EN/TXT/PDF/?uri=CELEX:32008R0216&from=EN},
  year   = {2008 (accessed August 29, 2018)}
 }
 
  @manual{technicalOpinion,
  title  = {Technical Opinion, Introduction of a regulatory framework for the operation of unmanned aircraft},
  author = {European Aviation Safety Agency (EASA)},
  url    = {https://www.easa.europa.eu/sites/default/files/dfu/Introduction\%20of\%20a\%20regulatory\%20framework\%20for\%20the\%20operation\%20of\%20unmanned\%20aircraft.pdf},
  year   = {2015 (accessed August 29, 2018)}
 }
 
@manual{ICAO_RPASmanuel,
  title  = {Technical Opinion, Introduction of a regulatory framework for the operation of unmanned aircraft},
  author = {International Civil Aviation Organization (ICAO)},
  url    = {https://www.dronezine.it/wp-content/uploads/2015/03/10019_cons_en-Secured-1.pdf},
  year   = {2015 (accessed August 29, 2018)}
 }
 
 @manual{chicagoConvention,
  title  = {Convention on International Civil Aviation},
  author = {International Civil Aviation Organization (ICAO)},
  url    = {https://www.icao.int/publications/Documents/7300_cons.pdf},
  year   = {2015 (accessed August 29, 2018)}
 }

 @manual{circularOnUnmannedAircraftSystems,
  title  = {Unmanned Aircraft Systems (UAS)},
  author = {International Civil Aviation Organization (ICAO)},
  url    = {https://www.icao.int/Meetings/UAS/Documents/Circular\%20328_en.pdf},
  year   = {2011 (accessed August 29, 2018)}
 }

 @manual{amendment43toAnnex2,
  title  = {Amendment No. 43 to the international standards, Rules of the air, Annex 2 to the convention on international civil aviation},
  author = {International Civil Aviation Organization (ICAO)},
  url    = {https://www.icao.int/Meetings/UAS/Documents/019e.pdf},
  year   = {2012 (accessed August 30, 2018)}
 }
 
@manual{amendment6toAnnex6,
  title  = {Amendment No. 6 to the international standards, Aircraft nationality and registration marks Annex 7 to the convention on international civil aviation},
  author = {International Civil Aviation Organization (ICAO)},
  url    = {https://www.icao.int/Meetings/UAS/Documents/Adoption\%20of\%20Amendment\%206\%20to\%20Annex\%207.pdf},
  year   = {2012 (accessed August 30, 2018)}
 }
 
  @manual{prototypeRegulation,
  title  = {`Prototype commission' regulation on unmanned aircraft operations},
  author = {European Aviation Safety Agency (EASA)},
  url    = {https://www.easa.europa.eu/sites/default/files/dfu/UAS\%20Prototype\%20Regulation\%20final.pdf},
  year   = {2016 (accessed August 30, 2018)}
 }
 
 @manual{EY013_01policyStatementAirworthinessCertification,
  title  = {Policy Statement Airworthiness Certification of Unmanned Aircraft Systems (UAS), E.Y013-01},
  author = {European Aviation Safety Agency (EASA)},
  url    = {https://www.easa.europa.eu/sites/default/files/dfu/E.Y013-01_\%20UAS_\%20Policy.pdf},
  year   = {2009 (accessed August 30, 2018)}
 }
 
    @manual{annualSafetyReview,
  title  = {Annual safety review, 2017},
  author = {European Aviation Safety Agency (EASA)},
  url    = {https://www.easa.europa.eu/sites/default/files/dfu/209735_EASA_ASR_MAIN_REPORT_3.0.pdf},
  year   = {2017 (accessed August 30, 2018)}
 }
 
     @manual{civilLawRulesOnRobotics,
  title  = {Draft report with recommendations to the commission on civil law rules on robotics(2015/2103(INL))},
  author = {Committee on Legal Affairs},
  url    = {http://www.europarl.europa.eu/sides/getDoc.do?pubRef=-//EP//NONSGML\%2BCOMPARL\%2BPE-582.443\%2B01\%2BDOC\%2BPDF\%2BV0//EN},
  year   = {2016 (accessed August 30, 2018)}
 }
 
 @manual{asimovLaws,
  title={Runaround},
  author={Asimov, Isaac},
  year={1942},
  publisher={Astounding Science Fiction}
}

@manual{amazonAirspace,
  title  = {Revising the Airspace Model for the Safe Integration of Small Unmanned Aircraft Systems},
  author = {Amazon},
  url    = {https://utm.arc.nasa.gov/docs/Amazon_Revising\%20the\%20Airspace\%20Model\%20for\%20the\%20Safe\%20Integration\%20of\%20sUAS[6].pdf},
  year = {(accessed September 3, 2018)}
 }
 
 @manual{UTMairspace,
  title  = {Aviation: Commission is taking the European drone sector to new heights},
  author = {European Commission},
  url    = {https://ec.europa.eu/transport/modes/air/news/2017-06-16-aviation-commission-taking-european-drone-sector-new-heights_en},
  year = {(accessed September 3, 2018)}
 }
 
  @manual{nokiaDubai,
  title  = {Nokia showcases power of drones and LTE connectivity for public safety at D4G Award event in Dubai},
  author = {Nokia},
  url    = {https://www.nokia.com/en_int/news/releases/2017/02/17/nokia-showcases-power-of-drones-and-lte-connectivity-for-public-safety-at-d4g-award-event-in-dubai},
  year = {(accessed September 3, 2018)}
 }
 
 @inproceedings{manfredi2018unmanned,
  title={Unmanned Aerial System Operations for Retail},
  author={Manfredi, Guido and Baskaya, Elgiz and Sharples, Jim and Jestin, Yannick},
  booktitle={ICAS 2018: 14th International Conference on Autonomic and Autonomous Systems, IASFR: Intelligent Autonomous Systems for the Future of Retail},
  pages={ISBN--978},
  year={2018},
  organization={IARIA}
}

@misc{andrewNgMachLearning,
  author        = {Andrew Ng},
  title         = {Lecture Notes in Machine Learning},
  month         = {December},
  year          = {2017},
}